<?xml version="1.0" encoding="UTF-8"?><collection xmlns="http://www.loc.gov/MARC21/slim"><record><leader>00463nam--2200157-i-4500</leader><controlfield tag="001">000014892</controlfield><controlfield tag="002">20161230</controlfield><controlfield tag="005">20170304180256</controlfield><controlfield tag="008">060222s1000------------r-----000-0-eng-d</controlfield><datafield ind1=" " ind2=" " tag="100"><subfield code="a">Denis-Papin, Maurice</subfield></datafield><datafield ind1=" " ind2=" " tag="245"><subfield code="a">Exercitii de calcul boolean cu solutiile lor. Traducere din l.franceza si adnotari de Sergiu Rudeanu</subfield></datafield><datafield ind1=" " ind2=" " tag="260"><subfield code="a">Bucuresti</subfield><subfield code="b">Ed.Tehnica</subfield><subfield code="c">1970</subfield></datafield><datafield ind1=" " ind2=" " tag="300"><subfield code="a">278 p</subfield></datafield><datafield ind1=" " ind2=" " tag="700"><subfield code="a">Malgrange, Yves</subfield></datafield><datafield ind1=" " ind2=" " tag="852"><subfield code="a">512.563</subfield></datafield><datafield ind1=" " ind2=" " tag="CAT"><subfield code="a">SYS</subfield><subfield code="c">20170304</subfield><subfield code="h">180256</subfield></datafield></record></collection>